@article{FogEngine,
  title={FOG-Engine: towards Big Data Analytics in the Fog},
  author={Mehdipour, Farahd and Javadi, Bahman and Mahanti, Aniket},
  booktitle={Dependable, Autonomic and Secure Computing, 14th Intl Conf on Pervasive Intelligence and Computing, 2nd Intl Conf on Big Data Intelligence and Computing and Cyber Science and Technology Congress (DASC/PiCom/DataCom/CyberSciTech), 2016 IEEE 14th Intl C},
  pages={640--646},
  year={2016},
  organization={IEEE}
}

@book{RTSSystems,
  title={Real-Time Systems: specification, verification, and analysis},
  author={Mattai, Joseph and Joseph, Mathai},
  year={1995},
  publisher={Prentice Hall PTR}
}

@electronic{AzurePrice,
author = {Microsoft},
title = {Pricing Calculator | {M}icrosoft {A}zure},
howpublished = {\url{https://goo.gl/rvv4Ql}},
month = {},
year = {2016},
note = {(Accessed on 11/01/2016)}
}

@electronic{AWSPrice,
author = {Amazon},
title = {Amazon Web Services Princing Calulator},
howpublished = {\url{https://goo.gl/R5PwWq}},
month = {},
year = {2016},
note = {(Accessed on 11/02/2016)}
}

@electronic{GCPrice,
author = {Google},
title = {Google Cloud Platform Pricing Calculator | Google Cloud Platform},
howpublished = {\url{https://goo.gl/E4zCnk}},
month = {},
year = {2016},
note = {(Accessed on 11/02/2016)}
}

@electronic{UPrice,
author = {Ubidots},
title = {Ubidots Pricing},
howpublished = {\url{https://goo.gl/a5vyym}},
month = {},
year = {2016},
note = {(Accessed on 11/02/2016)}
}

@article{FogBonomi,
  title={Fog computing and its role in the internet of things},
  author={Bonomi, Flavio and Milito, Rodolfo and Zhu, Jiang and Addepalli, Sateesh},
  booktitle={Proceedings of the first edition of the MCC workshop on Mobile cloud computing},
  pages={13--16},
  year={2012},
  organization={ACM}
}

@article{HLStory,
  title={High-level synthesis: Past, present, and future},
  author={Martin, Grant and Smith, Gary},
  journal={IEEE Design \& Test of Computers},
  number={4},
  pages={18--25},
  year={2009},
  publisher={IEEE}
}

@article{HLSeffect,
  title={The effect of compiler optimizations on high-level synthesis-generated hardware},
  author={Huang, Qijing and Lian, Ruolong and Canis, Andrew and Choi, Jongsok and Xi, Ryan and Calagar, Nazanin and Brown, Stephen and Anderson, Jason},
  journal={ACM Transactions on Reconfigurable Technology and Systems (TRETS)},
  volume={8},
  number={3},
  pages={14},
  year={2015},
  publisher={ACM}
}

@article{canis2013legup,
  title={LegUp: An open-source high-level synthesis tool for FPGA-based processor/accelerator systems},
  author={Canis, Andrew and Choi, Jongsok and Aldham, Mark and Zhang, Victor and Kammoona, Ahmed and Czajkowski, Tomasz and Brown, Stephen D and Anderson, Jason H},
  journal={ACM Transactions on Embedded Computing Systems (TECS)},
  volume={13},
  number={2},
  pages={24},
  year={2013},
  publisher={ACM}
}

@article{liu2013soft,
  title={A soft coarse-grained reconfigurable array based high-level synthesis methodology: promoting design productivity and exploring extreme FPGA frequency},
  author={Liu, Cheng and Yu, Colin Lin and So, Hayden Kwok-Hay},
  booktitle={Field-Programmable Custom Computing Machines (FCCM), 2013 IEEE 21st Annual International Symposium on},
  pages={228--228},
  year={2013},
  organization={IEEE}
}

@article{monson2015using,
  title={Using source-level transformations to improve high-level synthesis debug and validation on {FPGAs}},
  author={Monson, Joshua S and Hutchings, Brad L},
  booktitle={Proceedings of the 2015 ACM/SIGDA International Symposium on Field-Programmable Gate Arrays},
  pages={5--8},
  year={2015},
  organization={ACM}
}

@article{navarro2013high,
  title={High-level synthesis for accelerating the FPGA implementation of computationally demanding control algorithms for power converters},
  author={Navarro, Denis and Luc{\i}, {\'O}scar and Barrag{\'a}n, Luis A and Urriza, Isidro and Jim{\'e}nez, {\'O}scar and others},
  journal={IEEE Transactions on Industrial Informatics},
  volume={9},
  number={3},
  pages={1371--1379},
  year={2013},
  publisher={IEEE}
}

@article{malazgirt2015high,
  title={High Level Synthesis Based Hardware Accelerator Design for Processing SQL Queries},
  author={Malazgirt, Gorker Alp and Sonmez, Nehir and Yurdakul, Arda and Cristal, Adrian and Unsal, Osman},
  booktitle={Proceedings of the 12th FPGAworld Conference 2015},
  pages={27--32},
  year={2015},
  organization={ACM}
}

@article{choi2013software,
  title={From software threads to parallel hardware in high-level synthesis for fpgas},
  author={Choi, Jongsok and Brown, Stephen and Anderson, Jason},
  booktitle={Field-Programmable Technology (FPT), 2013 International Conference on},
  pages={270--277},
  year={2013},
  organization={IEEE}
}

@article{alias2013optimizing,
  title={Optimizing remote accesses for offloaded kernels: application to high-level synthesis for fpga},
  author={Alias, Christophe and Darte, Alain and Plesco, Alexandru},
  booktitle={Proceedings of the Conference on Design, Automation and Test in Europe},
  pages={575--580},
  year={2013},
  organization={EDA Consortium}
}

@article{zhao2015area,
  title={Area-efficient pipelining for FPGA-targeted high-level synthesis},
  author={Zhao, Ritchie and Tan, Mingxing and Dai, Steve and Zhang, Zhiru},
  booktitle={Proceedings of the 52nd Annual Design Automation Conference},
  pages={157},
  year={2015},
  organization={ACM}
}
@article{pohl1998review,
  title={Review article multisensor image fusion in remote sensing: concepts, methods and applications},
  author={Pohl, Cle and Van Genderen, John L},
  journal={International journal of remote sensing},
  volume={19},
  number={5},
  pages={823--854},
  year={1998},
  publisher={Taylor \& Francis}
}

@article{li2015internet,
  title={The internet of things: a survey},
  author={Li, Shancang and Da Xu, Li and Zhao, Shanshan},
  journal={Information Systems Frontiers},
  volume={17},
  number={2},
  pages={243--259},
  year={2015},
  publisher={Springer}
}

@incollection{bonomi2014fog,
  title={Fog computing: A platform for internet of things and analytics},
  author={Bonomi, Flavio and Milito, Rodolfo and Natarajan, Preethi and Zhu, Jiang},
  booktitle={Big Data and Internet of Things: A Roadmap for Smart Environments},
  pages={169--186},
  year={2014},
  publisher={Springer}
}

@inproceedings{bonomi2012fog,
  title={Fog computing and its role in the internet of things},
  author={Bonomi, Flavio and Milito, Rodolfo and Zhu, Jiang and Addepalli, Sateesh},
  booktitle={Proceedings of the first edition of the MCC workshop on Mobile cloud computing},
  pages={13--16},
  year={2012},
  organization={ACM}
}

@inproceedings{madsen2013reliability,
  title={Reliability in the utility computing era: towards reliable fog computing},
  author={Madsen, Henrik and Burtschy, Bernard and Albeanu, G and Popentiu-Vladicescu, FL},
  booktitle={2013 20th International Conference on Systems, Signals and Image Processing (IWSSIP)},
  pages={43--46},
  year={2013},
  organization={IEEE}
}

@inproceedings{liu2015moving,
  title={Moving object detection and tracking based on ZYNQ FPGA and ARM SOC},
  author={Liu, Wenchao and Chen, He and Ma, Long},
  booktitle={IET International Radar Conference 2015},
  pages={1--4},
  year={2015},
  organization={IET}
}

@inproceedings{hong2013mobile,
  title={Mobile fog: A programming model for large-scale applications on the internet of things},
  author={Hong, Kirak and Lillethun, David and Ramachandran, Umakishore and Ottenw{\"a}lder, Beate and Koldehofe, Boris},
  booktitle={Proceedings of the second ACM SIGCOMM workshop on Mobile cloud computing},
  pages={15--20},
  year={2013},
  organization={ACM}
}

@inproceedings{aazam2014fog,
  title={Fog computing and smart gateway based communication for cloud of things},
  author={Aazam, Mohammad and Huh, Eui-Nam},
  booktitle={Future Internet of Things and Cloud (FiCloud), 2014 International Conference on},
  pages={464--470},
  year={2014},
  organization={IEEE}
}

@inproceedings{aazam2015fog,
  title={Fog computing micro datacenter based dynamic resource estimation and pricing model for IoT},
  author={Aazam, Mohammad and Huh, Eui-Nam},
  booktitle={2015 IEEE 29th International Conference on Advanced Information Networking and Applications},
  pages={687--694},
  year={2015},
  organization={IEEE}
}

@inproceedings{cardellini2015distributed,
  title={Distributed QoS-aware scheduling in storm},
  author={Cardellini, Valeria and Grassi, Vincenzo and Lo Presti, Francesco and Nardelli, Matteo},
  booktitle={Proceedings of the 9th ACM International Conference on Distributed Event-Based Systems},
  pages={344--347},
  year={2015},
  organization={ACM}
}

@inproceedings{stojmenovic2014fog,
  title={The fog computing paradigm: scenarios and security issues},
  author={Stojmenovic, Ivan and Wen, Sheng},
  booktitle={Computer Science and Information Systems (FedCSIS), 2014 Federated Conference on},
  pages={1--8},
  year={2014},
  organization={IEEE}
}

@misc{subramanian2016dynamic,
  title={Dynamic coding for network traffic by fog computing node},
  author={Subramanian, Vijaynarayanan and Chan, Douglas and Moghe, Ashok Krishnaji and Pan, Rong and Bonomi, Flavio},
  year={2016},
  month=jan # "~5",
  publisher={Google Patents},
  note={US Patent 9,232,433}
}

@misc{zhu2013improving,
  title={Improving web sites performance using edge servers in fog computing architecture},
  author={Zhu, Jiang and Chan, Douglas and PRABHU, Mythili Mudlapur SURYANARAYANA and NATARAJAN, Preethi and Hu, Hao},
  year={2013},
  month=may # "~29",
  publisher={Google Patents},
  note={US Patent App. 13/904,327}
}
@article{wald1999some,
  title={Some terms of reference in data fusion},
  author={Wald, Lucien},
  journal={IEEE Transactions on geoscience and remote sensing},
  volume={37},
  number={3},
  pages={1190--1193},
  year={1999}
}
@article{piella2003general,
  title={A general framework for multiresolution image fusion: from pixels to regions},
  author={Piella, Gemma},
  journal={Information fusion},
  volume={4},
  number={4},
  pages={259--280},
  year={2003},
  publisher={Elsevier}
}

@article{zhang2004understanding,
  title={Understanding image fusion},
  author={Zhang, Yun},
  journal={Photogramm. Eng. Remote Sens},
  volume={70},
  number={6},
  pages={657--661},
  year={2004}
}

@inproceedings{lewis2004region,
  title={Region-based image fusion using complex wavelets},
  author={Lewis, JJ and O’callaghan, RJ and Nikolov, SG and Bull, DR and Canagarajah, CN},
  booktitle={Seventh International Conference on Information Fusion (FUSION)},
  volume={1},
  pages={555--562},
  year={2004}
}
@inproceedings{rockinger1996pixel,
  title={Pixel-level fusion of image sequences using wavelet frames},
  author={Rockinger, Oliver},
  booktitle={Proceedings of the 16th Leeds applied shape research workshop, Leeds University Press},
  year={1996},
  organization={Citeseer}
}

@inproceedings{wehner2014using,
  title={Using JSON to manage communication between services in the Internet of Things},
  author={Wehner, Philipp and Piberger, Christina and G{\"o}hringer, Diana},
  booktitle={Reconfigurable and Communication-Centric Systems-on-Chip (ReCoSoC), 2014 9th International Symposium on},
  pages={1--4},
  year={2014},
  organization={IEEE}
}

@article{kao2005benefits,
  title={Benefits of partial reconfiguration},
  author={Kao, Cindy},
  journal={Xcell journal},
  volume={55},
  pages={65--67},
  year={2005}
}

@phdthesis{owens2013design,
  title={Design modifications and platform implementation procedures for supporting dynamic partial reconfiguration of FPGA applications},
  author={Owens, Sean Gabriel},
  year={2013},
  school={Mississippi State University}
}

@article{carper1990use,
  title={The use of intensity-hue-saturation transformations for merging SPOT panchromatic and multispectral image data},
  author={Carper, W Joseph},
  journal={Photogramm. Eng. Remote Sens.},
  volume={56},
  number={4},
  pages={457--467},
  year={1990}
}

@article{tu2004fast,
  title={A fast intensity-hue-saturation fusion technique with spectral adjustment for IKONOS imagery},
  author={Tu, Te-Ming and Huang, Ping S and Hung, Chung-Ling and Chang, Chien-Ping},
  journal={IEEE Geoscience and Remote Sensing Letters},
  volume={1},
  number={4},
  pages={309--312},
  year={2004},
  publisher={IEEE}
}
@article{zhou2014gihs,
  title={A GIHS-based spectral preservation fusion method for remote sensing images using edge restored spectral modulation},
  author={Zhou, Xiran and Liu, Jun and Liu, Shuguang and Cao, Lei and Zhou, Qiming and Huang, Huawen},
  journal={ISPRS Journal of Photogrammetry and Remote Sensing},
  volume={88},
  pages={16--27},
  year={2014},
  publisher={Elsevier}
}

@misc{wwwermap42,
author = {},
title = {Earth Resource Mapping Pty Ltd, The Brovey transform explained, EMU
Forum 2},
howpublished = {\url{http://www.ermapper.com/forum_new/emuf2-11.htm#aiticle_5}},
month = {11},
year = {1990},
note = {(Accessed on 11/03/2016)}
}

@article{gonzalez2004fusion,
  title={Fusion of multispectral and panchromatic images using improved IHS and PCA mergers based on wavelet decomposition},
  author={Gonz{\'a}lez-Aud{\'\i}cana, Mar{\'\i}a and Saleta, Jos{\'e} Luis and Catal{\'a}n, Raquel Garc{\'\i}a and Garc{\'\i}a, Rafael},
  journal={IEEE Transactions on Geoscience and Remote sensing},
  volume={42},
  number={6},
  pages={1291--1299},
  year={2004},
  publisher={IEEE}
}

@misc{laben2000process,
  title={Process for enhancing the spatial resolution of multispectral imagery using pan-sharpening},
  author={Laben, Craig A and Brower, Bernard V},
  year={2000},
  month=jan # "~4",
  publisher={Google Patents},
  note={US Patent 6,011,875}
}

@article{zhou1998wavelet,
  title={A wavelet transform method to merge Landsat TM and SPOT panchromatic data},
  author={Zhou, J and Civco, DL and Silander, JA},
  journal={International Journal of Remote Sensing},
  volume={19},
  number={4},
  pages={743--757},
  year={1998},
  publisher={Taylor \& Francis}
}

@inproceedings{wang2003fusion,
  title={A fusion algorithm of remote sensing image based on discrete wavelet packet},
  author={Wang, Hai-Hui and Peng, Jia-Xiong and Wu, Wei},
  booktitle={Machine Learning and Cybernetics, 2003 International Conference on},
  volume={4},
  pages={2557--2562},
  year={2003},
  organization={IEEE}
}

@incollection{nason1995stationary,
  title={The stationary wavelet transform and some statistical applications},
  author={Nason, Guy P and Silverman, Bernard W},
  booktitle={Wavelets and statistics},
  pages={281--299},
  year={1995},
  publisher={Springer}
}

@article{joshi2006model,
  title={A model-based approach to multiresolution fusion in remotely sensed images},
  author={Joshi, Manjunath V and Bruzzone, Lorenzo and Chaudhuri, Subhasis},
  journal={IEEE Transactions on Geoscience and Remote Sensing},
  volume={44},
  number={9},
  pages={2549--2562},
  year={2006},
  publisher={IEEE}
}

@article{burt1983laplacian,
  title={The Laplacian pyramid as a compact image code},
  author={Burt, Peter and Adelson, Edward},
  journal={IEEE Transactions on communications},
  volume={31},
  number={4},
  pages={532--540},
  year={1983},
  publisher={IEEE}
}

@article{do2005contourlet,
  title={The contourlet transform: an efficient directional multiresolution image representation},
  author={Do, Minh N and Vetterli, Martin},
  journal={IEEE Transactions on image processing},
  volume={14},
  number={12},
  pages={2091--2106},
  year={2005},
  publisher={IEEE}
}

@article{chang2010multicontourlet,
  title={Multicontourlet-based adaptive fusion of infrared and visible remote sensing images},
  author={Chang, Xia and Jiao, Licheng and Liu, Fang and Xin, Fangfang},
  journal={IEEE Geoscience and Remote Sensing Letters},
  volume={7},
  number={3},
  pages={549--553},
  year={2010},
  publisher={IEEE}
}

@article{ghahremani2015remote,
  title={Remote-sensing image fusion based on curvelets and ICA},
  author={Ghahremani, Morteza and Ghassemian, Hassan},
  journal={International Journal of Remote Sensing},
  volume={36},
  number={16},
  pages={4131--4143},
  year={2015},
  publisher={Taylor \& Francis}
}

@article{li2011performance,
  title={Performance comparison of different multi-resolution transforms for image fusion},
  author={Li, Shutao and Yang, Bin and Hu, Jianwen},
  journal={Information Fusion},
  volume={12},
  number={2},
  pages={74--84},
  year={2011},
  publisher={Elsevier}
}

@article{xu2010ripplet,
  title={Ripplet: A new transform for image processing},
  author={Xu, Jun and Yang, Lei and Wu, Dapeng},
  journal={Journal of Visual Communication and Image Representation},
  volume={21},
  number={7},
  pages={627--639},
  year={2010},
  publisher={Elsevier}
}

@article{gangkofner2008optimizing,
  title={Optimizing the high-pass filter addition technique for image fusion},
  author={Gangkofner, Ute G and Pradhan, Pushkar S and Holcomb, Derrold W},
  journal={Photogrammetric Engineering \& Remote Sensing},
  volume={74},
  number={9},
  pages={1107--1118},
  year={2008},
  publisher={American Society for Photogrammetry and Remote Sensing}
}

@article{shahdoosti2015fusion,
  title={Fusion of MS and PAN images preserving spectral quality},
  author={Shahdoosti, Hamid Reza and Ghassemian, Hassan},
  journal={IEEE Geoscience and Remote Sensing Letters},
  volume={12},
  number={3},
  pages={611--615},
  year={2015},
  publisher={IEEE}
}

@article{zheng2008remote,
  title={Remote sensing image fusion using multiscale mapped LS-SVM},
  author={Zheng, Sheng and Shi, Wen-zhong and Liu, Jian and Tian, Jinwen},
  journal={IEEE Transactions on Geoscience and Remote Sensing},
  volume={46},
  number={5},
  pages={1313--1322},
  year={2008},
  publisher={IEEE}
}

@inproceedings{luo2008fusion,
  title={Fusion of remote sensing image base on the PCA+ ATROUS wavelet transform},
  author={Luo, Yan and Liu, Rong and Zhu, Yu Feng},
  booktitle={International Society for Photogrammetry and Remote Sensing},
  volume={37},
  number={3},
  pages={1155--1158},
  year={2008}
}

@article{nunez1999multiresolution,
  title={Multiresolution-based image fusion with additive wavelet decomposition},
  author={Nunez, Jorge and Otazu, Xavier and Fors, Octavi and Prades, Albert and Pala, Vicenc and Arbiol, Roman},
  journal={IEEE Transactions on Geoscience and Remote sensing},
  volume={37},
  number={3},
  pages={1204--1211},
  year={1999},
  publisher={IEEE}
}

@article{li2005color,
  title={Color transfer based remote sensing image fusion using non-separable wavelet frame transform},
  author={Li, Zhenhua and Jing, Zhongliang and Yang, Xuhong and Sun, Shaoyuan},
  journal={Pattern Recognition Letters},
  volume={26},
  number={13},
  pages={2006--2014},
  year={2005},
  publisher={Elsevier}
}

@article{cheng2015remote,
  title={Remote sensing image fusion via wavelet transform and sparse representation},
  author={Cheng, Jian and Liu, Haijun and Liu, Ting and Wang, Feng and Li, Hongsheng},
  journal={ISPRS Journal of Photogrammetry and Remote Sensing},
  volume={104},
  pages={158--173},
  year={2015},
  publisher={Elsevier}
}

@article{ghahremani2015remote2,
  title={Remote-sensing image fusion based on curvelets and ICA},
  author={Ghahremani, Morteza and Ghassemian, Hassan},
  journal={International Journal of Remote Sensing},
  volume={36},
  number={16},
  pages={4131--4143},
  year={2015},
  publisher={Taylor \& Francis}
}

@article{chen2012fusion,
  title={Fusion of remote sensing images using improved ICA mergers based on wavelet decomposition},
  author={Chen, Fengrui and Qin, Fen and Peng, Guangxiong and Chen, Shiqiang},
  journal={Procedia Engineering},
  volume={29},
  pages={2938--2943},
  year={2012},
  publisher={Elsevier}
}

@inproceedings{valizadeh2012remote,
  title={Remote sensing image fusion using combining IHS and Curvelet transform},
  author={Valizadeh, Seyed Abolfazl and Ghassemian, Hassan},
  booktitle={Telecommunications (IST), 2012 Sixth International Symposium on},
  pages={1184--1189},
  year={2012},
  organization={IEEE}
}

@article{guo2014online,
  title={An online coupled dictionary learning approach for remote sensing image fusion},
  author={Guo, Min and Zhang, Hongyan and Li, Jiayi and Zhang, Liangpei and Shen, Huanfeng},
  journal={IEEE Journal of Selected Topics in Applied Earth Observations and Remote Sensing},
  volume={7},
  number={4},
  pages={1284--1294},
  year={2014},
  publisher={IEEE}
}

@article{mirzapour2015improving,
  title={Improving hyperspectral image classification by combining spectral, texture, and shape features},
  author={Mirzapour, Fardin and Ghassemian, Hassan},
  journal={International Journal of Remote Sensing},
  volume={36},
  number={4},
  pages={1070--1096},
  year={2015},
  publisher={Taylor \& Francis}
}
@article{golipour2016integrating,
  title={Integrating hierarchical segmentation maps with MRF prior for classification of hyperspectral images in a Bayesian framework},
  author={Golipour, Meysam and Ghassemian, Hassan and Mirzapour, Fardin},
  journal={IEEE Transactions on Geoscience and Remote Sensing},
  volume={54},
  number={2},
  pages={805--816},
  year={2016},
  publisher={IEEE}
}

@article{blum2006multisensor,
  title={On multisensor image fusion performance limits from an estimation theory perspective},
  author={Blum, Rick S},
  journal={Information Fusion},
  volume={7},
  number={3},
  pages={250--263},
  year={2006},
  publisher={Elsevier}
}

@article{ghahremani2016compressed,
  title={A Compressed-Sensing-Based Pan-Sharpening Method for Spectral Distortion Reduction},
  author={Ghahremani, Morteza and Ghassemian, Hassan},
  journal={IEEE Transactions on Geoscience and Remote Sensing},
  volume={54},
  number={4},
  pages={2194--2206},
  year={2016},
  publisher={IEEE}
}

@article{wei2015hyperspectral,
  title={Hyperspectral and multispectral image fusion based on a sparse representation},
  author={Wei, Qi and Bioucas-Dias, Jos{\'e} and Dobigeon, Nicolas and Tourneret, Jean-Yves},
  journal={IEEE Transactions on Geoscience and Remote Sensing},
  volume={53},
  number={7},
  pages={3658--3668},
  year={2015},
  publisher={IEEE}
}

@article{wei2015fast,
  title={Fast fusion of multi-band images based on solving a Sylvester equation},
  author={Wei, Qi and Dobigeon, Nicolas and Tourneret, Jean-Yves},
  journal={IEEE Transactions on Image Processing},
  volume={24},
  number={11},
  pages={4109--4121},
  year={2015},
  publisher={IEEE}
}

@inproceedings{ghassemian2001multi,
  title={Multi-sensor image fusion using multirate filter banks},
  author={Ghassemian, Hassan},
  booktitle={Image Processing, 2001. Proceedings. 2001 International Conference on},
  volume={1},
  pages={846--849},
  year={2001},
  organization={IEEE}
}

@inproceedings{ghassemian2001retina,
  title={A retina based multi-resolution image-fusion},
  author={Ghassemian, Hassan},
  booktitle={Geoscience and Remote Sensing Symposium, 2001. IGARSS'01. IEEE 2001 International},
  volume={2},
  pages={709--711},
  year={2001},
  organization={IEEE}
}

@article{song2015improving,
  title={Improving the spatial resolution of landsat TM/ETM+ through fusion with SPOT5 images via learning-based super-resolution},
  author={Song, Huihui and Huang, Bo and Liu, Qingshan and Zhang, Kaihua},
  journal={IEEE Transactions on Geoscience and Remote Sensing},
  volume={53},
  number={3},
  pages={1195--1204},
  year={2015},
  publisher={IEEE}
}

@article{bai2015object,
  title={Object classification via feature fusion based marginalized Kernels},
  author={Bai, Xiao and Liu, Chuntian and Ren, Peng and Zhou, Jun and Zhao, Huijie and Su, Yun},
  journal={IEEE Geoscience and Remote Sensing Letters},
  volume={12},
  number={1},
  pages={8--12},
  year={2015},
  publisher={IEEE}
}

@article{benediktsson1997hybrid,
  title={Hybrid consensus theoretic classification},
  author={Benediktsson, Jon Atli and Sveinsson, Johannes R and Swain, Philip H},
  journal={IEEE Transactions on geoscience and remote sensing},
  volume={35},
  number={4},
  pages={833--843},
  year={1997},
  publisher={IEEE}
}

@article{jimenez1999classification,
  title={Classification of hyperdimensional data based on feature and decision fusion approaches using projection pursuit, majority voting, and neural networks},
  author={Jimenez, Luis O and Morales-Morell, Anibal and Creus, Antonio},
  journal={IEEE Transactions on Geoscience and Remote Sensing},
  volume={37},
  number={3},
  pages={1360--1366},
  year={1999},
  publisher={IEEE}
}

@inproceedings{rashidi2003extended,
  title={Extended dempster--shafer theory for multi-system/sensor decision fusion},
  author={Rashidi, Ali and Ghassemian, Hassan},
  booktitle={Commission IV Joint Workshop on Challenges in Geospatial Analysis, Integration and Visualization II},
  pages={31--37},
  year={2003}
}

@article{mahmoudi2015object,
  title={Object recognition based on the context aware decision-level fusion in multiviews imagery},
  author={Mahmoudi, Fatemeh Tabib and Samadzadegan, Farhad and Reinartz, Peter},
  journal={IEEE Journal of Selected Topics in Applied Earth Observations and Remote Sensing},
  volume={8},
  number={1},
  pages={12--22},
  year={2015},
  publisher={IEEE}
}

@inproceedings{zhu2002data,
  title={Data fusion for pattern classification via the Dempster-Shafer evidence theory},
  author={Zhu, Hongwei and Basir, Otman and Karray, Fskhri},
  booktitle={Systems, Man and Cybernetics, 2002 IEEE International Conference on},
  volume={7},
  pages={2--pp},
  year={2002},
  organization={IEEE}
}

@article{rashidi2004new,
  title={A new approach for multi-system/sensor decision fusion based on Joint measures},
  author={Rashidi, Ali J and Ghassemian, M HASSAN},
  journal={International Journal of Information Acquisition},
  volume={1},
  number={02},
  pages={109--120},
  year={2004},
  publisher={World Scientific}
}

@article{fauvel2006decision,
  title={Decision fusion for the classification of urban remote sensing images},
  author={Fauvel, Mathieu and Chanussot, Jocelyn and Benediktsson, J{\'o}n Atli},
  journal={IEEE Transactions on Geoscience and Remote Sensing},
  volume={44},
  pages={2828--2838},
  year={2006}
}

@article{luo2013decision,
  title={Decision-based fusion for pansharpening of remote sensing images},
  author={Luo, Bin and Khan, Muhammad Murtaza and Bienvenu, Thibaut and Chanussot, Jocelyn and Zhang, Liangpei},
  journal={IEEE Geoscience and Remote Sensing Letters},
  volume={10},
  number={1},
  pages={19--23},
  year={2013},
  publisher={IEEE}
}

@inproceedings{molla2006survey,
  title={A survey of middleware for sensor network and challenges},
  author={Molla, Mohammad M and Ahamed, Sheikh Iqbal},
  booktitle={Parallel Processing Workshops, 2006. ICPP 2006 Workshops. 2006 International Conference on},
  pages={6--pp},
  year={2006},
  organization={IEEE}
}

@inproceedings{sho2008ttcg,
  title={Ttcg: three-tier context gathering technique for mobile devices},
  author={Sho, Su-Hwan and Kim, Kyung-Sik and Jun, Wu-rak and Kim, Jin-Sung and Kim, Seung-Hoon and Lee, Jae-Dong},
  booktitle={Proceedings of the 5th international conference on Pervasive services},
  pages={157--162},
  year={2008},
  organization={ACM}
}

@article{sundmaeker2010vision,
  title={Vision and challenges for realising the Internet of Things},
  author={Sundmaeker, Harald and Guillemin, Patrick and Friess, Peter and Woelffl{\'e}, Sylvie},
  journal={Cluster of European Research Projects on the Internet of Things, European Commision},
  year={2010}
}

@inproceedings{martin2010automatic,
  title={Automatic context data life cycle management framework},
  author={Martin, David and Lamsfus, Carlos and Alzua, Aurkene},
  booktitle={Pervasive Computing and Applications (ICPCA), 2010 5th International Conference on},
  pages={330--335},
  year={2010},
  organization={IEEE}
}

@article{ramparany2007open,
  title={An open context information management infrastructure-the IST-Amigo project},
  author={Ramparany, Fano and Poortinga, Remco and Stikic, Maja and Schmalenstroer, Jorg and Prante, Thorsten},
  year={2007},
  publisher={IET}
}

@inproceedings{bernardos2008data,
  title={A data fusion framework for context-aware mobile services},
  author={Bernardos, Ana M and Tarrio, Paula and Casar, Jose R},
  booktitle={Multisensor Fusion and Integration for Intelligent Systems, 2008. MFI 2008. IEEE International Conference on},
  pages={606--613},
  year={2008},
  organization={IEEE}
}

@inproceedings{schilit1994context,
  title={Context-aware computing applications},
  author={Schilit, Bill and Adams, Norman and Want, Roy},
  booktitle={Mobile Computing Systems and Applications, 1994. WMCSA 1994. First Workshop on},
  pages={85--90},
  year={1994},
  organization={IEEE}
}

@article{salami2017axledb,
  title={AxleDB: A Novel Programmable Query Processing Platform on {FPGA}},
  author={Salami, Behzad and MALAZGIRT, GORKERALP and Arcas-Abella, Oriol and Yurdakul, Arda and Sonmez, Nehir},
  journal={Microprocessors and Microsystems},
  year={2017},
  publisher={Elsevier}
}

@article{liu2017elliptic,
  title={Elliptic curve cryptography with efficiently computable endomorphisms and its hardware implementations for the internet of things},
  author={Liu, Zhe and Gro{\ss}sch{\"a}dl, Johann and Hu, Zhi and J{\"a}rvinen, Kimmo and Wang, Husen and Verbauwhede, Ingrid},
  journal={IEEE Transactions on Computers},
  volume={66},
  number={5},
  pages={773--785},
  year={2017},
  publisher={IEEE}
}

@article{mingas2016particle,
  title={Particle MCMC algorithms and architectures for accelerating inference in state-space models},
  author={Mingas, Grigorios and Bottolo, Leonardo and Bouganis, Christos-Savvas},
  journal={International Journal of Approximate Reasoning},
  year={2016},
  publisher={Elsevier}
}

@article{abrardo2017information,
  title={Information fusion for efficient target detection in large-scale surveillance Wireless Sensor Networks},
  author={Abrardo, Andrea and Martal{\`o}, Marco and Ferrari, Gianluigi},
  journal={Information Fusion},
  volume={38},
  pages={55--64},
  year={2017},
  publisher={Elsevier}
}

@article{perera2014context,
  title={Context aware computing for the internet of things: A survey},
  author={Perera, Charith and Zaslavsky, Arkady and Christen, Peter and Georgakopoulos, Dimitrios},
  journal={IEEE Communications Surveys \& Tutorials},
  volume={16},
  number={1},
  pages={414--454},
  year={2014},
  publisher={IEEE}
}

@misc{userSpaceDriver,
author = {Hemant Agrawal, Ravi Malhotra},
title = {Device drivers in user space | Embedded},
howpublished = {\url{https://www.embedded.com/design/operating-systems/4401769/Device-drivers-in-user-space}},
month = {11},
year = {2012},
note = {(Accessed on 05/25/2018)}
}

@article{floodAtributes,
title = "IoT, big data and HPC based smart flood management framework",
journal = "Sustainable Computing: Informatics and Systems",
year = "2017",
issn = "2210-5379",
doi = "https://doi.org/10.1016/j.suscom.2017.12.001",
url = "http://www.sciencedirect.com/science/article/pii/S2210537917302469",
author = "Sandeep K. Sood and Rajinder Sandhu and Karan Singla and Victor Chang",
keywords = "Internet of things (IoT), Cloud computing, Big data and HPC convergence, Single value decomposition (SVD), K-mean clustering, Holt-Winter’s forecasting"
}

@article{ChinaFloods,
 ISSN = {13249347},
 URL = {http://www.jstor.org/stable/4127946},
 author = {Andrew Enticknap Smith},
 journal = {The China Journal},
 number = {52},
 pages = {224--226},
 publisher = {[University of Chicago Press, College of Asia and the Pacific, The Australian National University]},
 reviewed-author = {David A. Pietz},
 year = {2004}
}

@ARTICLE{remoteSatellite, 
author={F. Hossain and E. N. Anagnostou and T. Dinku}, 
journal={IEEE Transactions on Geoscience and Remote Sensing}, 
title={Sensitivity analyses of satellite rainfall retrieval and sampling error on flood prediction uncertainty}, 
year={2004}, 
volume={42}, 
number={1}, 
pages={130-139}, 
keywords={floods;hydrological techniques;radiometry;rain;remote sensing;sensitivity analysis;Global Precipitation Measurement mission;Northern Italy;error reduction;flash flood forecasting;global rainfall products;hourly sampling;infrared observations;major flood event;on flood prediction uncertainty;passive microwave satellite sensors;rainfall estimates;rainfall sampling;random errors;runoff modeling;runoff prediction error;sampling error;sampling scenarios;satellite rainfall retrieval;satellite remote sensing;sensitivity analysis;systematic errors;watersheds;Extraterrestrial measurements;Floods;Microwave measurements;Microwave sensors;Sampling methods;Satellites;Sensitivity analysis;Space missions;Time measurement;Uncertainty}, 
doi={10.1109/TGRS.2003.818341}, 
ISSN={0196-2892}, 
month={Jan},}

@Article{Nguyen2014,
author="Nguyen, Phuoc Khac-Tien
and Chua, Lloyd Hock-Chye
and Son, Lam Hung",
title="Flood forecasting in large rivers with data-driven models",
journal="Natural Hazards",
year="2014",
month="Mar",
day="01",
volume="71",
number="1",
pages="767--784",
issn="1573-0840",
doi="10.1007/s11069-013-0920-7",
url="https://doi.org/10.1007/s11069-013-0920-7"
}

@INPROCEEDINGS{floodfc1, 
author={P. Mitra and R. Ray and R. Chatterjee and R. Basu and P. Saha and S. Raha and R. Barman and S. Patra and S. S. Biswas and S. Saha}, 
booktitle={2016 IEEE 7th Annual Information Technology, Electronics and Mobile Communication Conference (IEMCON)}, 
title={Flood forecasting using Internet of things and artificial neural networks}, 
year={2016}, 
volume={}, 
number={}, 
pages={1-5}, 
keywords={Internet of Things;Zigbee;cellular radio;disasters;embedded systems;floods;geophysical techniques;geophysics computing;learning (artificial intelligence);neural nets;packet radio networks;probability;rivers;wireless sensor networks;GPRS module;Internet of Things;IoT;WSN;ZigBee;applied electronics;artificial neural network model;computer science;computing device;data science;embedded system hardware techniques;flood forecasting;machine learning models;mesh network connection;natural disasters;river basin;wireless sensor network;Artificial neural networks;Biological system modeling;Computational modeling;Data models;Floods;Predictive models;Wireless sensor networks;Artificial Neural Network;Internet of things;Wireless Sensor Network;ZigBee}, 
doi={10.1109/IEMCON.2016.7746363}, 
ISSN={}, 
month={Oct},}

@inproceedings{floodfc2,
  title={Evaluation of several algorithms in forecasting flood},
  author={Wu, CL and Chau, Kwok-Wing},
  booktitle={International Conference on Industrial, Engineering and Other Applications of Applied Intelligent Systems},
  pages={111--116},
  year={2006},
  organization={Springer}
}

@article{floodfc3,
  title={A flood forecasting neural network model with genetic algorithm},
  author={Wu, CL and Chau, KW},
  journal={International journal of environment and pollution},
  volume={28},
  number={3-4},
  pages={261--273},
  year={2006},
  publisher={Inderscience Publishers}
}

@inproceedings{floodfc4,
  title={Flood forecasting using Internet of things and artificial neural networks},
  author={Mitra, Prachatos and Ray, Ronit and Chatterjee, Retabrata and Basu, Rajarshi and Saha, Paramartha and Raha, Sarnendu and Barman, Rishav and Patra, Saurav and Biswas, Suparna Saha and Saha, Sourav},
  booktitle={Information Technology, Electronics and Mobile Communication Conference (IEMCON), 2016 IEEE 7th Annual},
  pages={1--5},
  year={2016},
  organization={IEEE}
}

@inproceedings{floodfc5,
  title={Gridstix: Supporting flood prediction using embedded hardware and next generation grid middleware},
  author={Hughes, Danny and Greenwood, Phil and Coulson, Geoff and Blair, Gordon},
  booktitle={World of Wireless, Mobile and Multimedia Networks, 2006. WoWMoM 2006. International Symposium on a},
  pages={6--pp},
  year={2006},
  organization={IEEE}
}

@article{advancedForecast,
title = "Advanced river flood monitoring, modelling and forecasting",
journal = "Journal of Computational Science",
volume = "10",
pages = "77 - 85",
year = "2015",
issn = "1877-7503",
doi = "https://doi.org/10.1016/j.jocs.2014.10.004",
url = "http://www.sciencedirect.com/science/article/pii/S1877750314001240",
author = "Galina Merkuryeva and Yuri Merkuryev and Boris V. Sokolov and Semyon Potryasaev and Viacheslav A. Zelentsov and Arnis Lektauers",
keywords = "Integrated approach, Flood monitoring, Heterogeneous data processing, River flow forecasting, Hydrological models, Flooded zone simulation, Visualisation"
}

@article{merkuryeva2015advanced,
  title={Advanced river flood monitoring, modelling and forecasting},
  author={Merkuryeva, Galina and Merkuryev, Yuri and Sokolov, Boris V and Potryasaev, Semyon and Zelentsov, Viacheslav A and Lektauers, Arnis},
  journal={Journal of Computational Science},
  volume={10},
  pages={77--85},
  year={2015},
  publisher={Elsevier}
}

@inproceedings{ANN1,
  title={Flood forecasting using Internet of things and artificial neural networks},
  author={Mitra, Prachatos and Ray, Ronit and Chatterjee, Retabrata and Basu, Rajarshi and Saha, Paramartha and Raha, Sarnendu and Barman, Rishav and Patra, Saurav and Biswas, Suparna Saha and Saha, Sourav},
  booktitle={Information Technology, Electronics and Mobile Communication Conference (IEMCON), 2016 IEEE 7th Annual},
  pages={1--5},
  year={2016},
  organization={IEEE}
}

@article{ANN2,
title = "Artificial Neural Networks (ANNs) for flood forecasting at Dongola Station in the River Nile, Sudan",
journal = "Alexandria Engineering Journal",
volume = "53",
number = "3",
pages = "655 - 662",
year = "2014",
issn = "1110-0168",
doi = "https://doi.org/10.1016/j.aej.2014.06.010",
url = "http://www.sciencedirect.com/science/article/pii/S1110016814000660",
author = "Sulafa Hag Elsafi",
keywords = "River Nile, Dongola, Artificial neural network, Flood forecasting"
}

@INPROCEEDINGS{ANN3, 
author={M. A. M. Sahagun and J. C. Dela Cruz and R. G. Garcia}, 
booktitle={2017IEEE 9th International Conference on Humanoid, Nanotechnology, Information Technology, Communication and Control, Environment and Management (HNICEM)}, 
title={Wireless sensor nodes for flood forecasting using artificial neural network}, 
year={2017}, 
volume={}, 
number={}, 
pages={1-6}, 
keywords={backpropagation;disasters;feedforward neural nets;floods;geophysics computing;hydrological equipment;microcontrollers;risk management;rivers;DRRMO;Disaster Risk Reduction Management Office;GSM module;Masantol;Pampanga River;Philippines;artificial neural network;backpropagation technique;external input;feed forward architecture;flood forecasting;fourth largest river basin;high risk areas;lower basin;microcontroller;model prediction accuracy;nonlinear autoregressive network;optimized training algorithm;real-time flood water level;short forecasting;solar panel;standalone sensor station;ultrasonic sensor;water level measurement;wireless sensor nodes;Floods;Forecasting;Neurons;Predictive models;Rivers;Training;Transfer functions;ANN;Levenberg-Marquardt;flood forecasting;non linear autoregressive network;wireless sensor nodes}, 
doi={10.1109/HNICEM.2017.8269462}, 
ISSN={}, 
month={Dec},}

@article{ANN4,
title = "Artificial Neural Networks (ANNs) for flood forecasting at Dongola Station in the River Nile, Sudan",
journal = "Alexandria Engineering Journal",
volume = "53",
number = "3",
pages = "655 - 662",
year = "2014",
issn = "1110-0168",
doi = "https://doi.org/10.1016/j.aej.2014.06.010",
url = "http://www.sciencedirect.com/science/article/pii/S1110016814000660",
author = "Sulafa Hag Elsafi",
keywords = "River Nile, Dongola, Artificial neural network, Flood forecasting"
}
@article{ANN5,
  title={Artificial neural network approach to flood forecasting in the River Arno},
  author={Campolo, Marina and Soldati, Alfredo and Andreussi, Paolo},
  journal={Hydrological sciences journal},
  volume={48},
  number={3},
  pages={381--398},
  year={2003},
  publisher={Taylor \& Francis}
}

@inproceedings{ANN6,
  title={Modeling of flood water level prediction using improved RBFNN structure},
  author={Adnan, Ramli and Samad, Abd Manan and Tajjudin, Mazidah and Ruslan, Fazlina Ahmat},
  booktitle={Control System, Computing and Engineering (ICCSCE), 2015 IEEE International Conference on},
  pages={552--556},
  year={2015},
  organization={IEEE}
}

@INPROCEEDINGS{ANN7, 
author={T. Egawa and K. Suzuki and Y. Ichikawa and T. Iizaka and T. Matsui and Y. Shikagawa}, 
booktitle={2011 IEEE Power and Energy Society General Meeting}, 
title={A water flow forecasting for dam using neural networks and regression models}, 
year={2011}, 
volume={}, 
number={}, 
pages={1-6}, 
keywords={dams;forecasting theory;neural nets;regression analysis;Tadami-Agano river basin;economic operations;forecasting performance;neural networks;regression models;water flow forecasting;Biological neural networks;Forecasting;Rain;Rivers;Weather forecasting;Forecasting;Hydroelectric power generation;Neural networks}, 
doi={10.1109/PES.2011.6038925}, 
ISSN={1932-5517}, 
month={July},}

@manual{HLS2015,
  title={Vivado Design Suite User Guide HLS},
  month={9},
  year={2017}
}

@article{amato2013artificial,
  title={Artificial neural networks in medical diagnosis},
  author={Amato, Filippo and Lopez, Alberto and Pe{\~n}a-M{\'e}ndez, Eladia Mar{\'\i}a and Va{\v{n}}hara, Petr and Hampl, Ale{\v{s}} and Havel, Josef},
  journal={Journal of applied biomedicine},
  volume={11},
  number={2},
  pages={47--58},
  year={2013},
  publisher={Elsevier}
}

@article{singh2009artificial,
  title={Artificial neural network modeling of the river water quality a case study},
  author={Singh, Kunwar P and Basant, Ankita and Malik, Amrita and Jain, Gunja},
  journal={Ecological Modelling},
  volume={220},
  number={6},
  pages={888--895},
  year={2009},
  publisher={Elsevier}
}

@article{sivapathasekaran2010artificial,
  title={Artificial neural network modeling and genetic algorithm based medium optimization for the improved production of marine biosurfactant},
  author={Sivapathasekaran, C and Mukherjee, Soumen and Ray, Arja and Gupta, Ashish and Sen, Ramkrishna},
  journal={Bioresource technology},
  volume={101},
  number={8},
  pages={2884--2887},
  year={2010},
  publisher={Elsevier}
}

@article{kiani2010application,
  title={Application of artificial neural networks for the prediction of performance and exhaust emissions in SI engine using ethanol-gasoline blends},
  author={Kiani, M Kiani Deh and Ghobadian, B and Tavakoli, T and Nikbakht, AM and Najafi, G},
  journal={Energy},
  volume={35},
  number={1},
  pages={65--69},
  year={2010},
  publisher={Elsevier}
}

@article{wilamowski2009neural,
  title={Neural network architectures and learning algorithms},
  author={Wilamowski, Bogdan M},
  journal={Industrial Electronics Magazine, IEEE},
  volume={3},
  number={4},
  pages={56--63},
  year={2009},
  publisher={IEEE}
}

@misc{Vivad98,
author = {},
title = {Vivado Design Suite},
howpublished = {\url{http://www.xilinx.com/products/design-tools/vivado.html}},
month = {},
year = {},
note = {(Visited on 03/30/2018)}
}

@misc{Vivad77,
author = {},
title = {Vivado High-Level Synthesis},
howpublished = {\url{http://www.xilinx.com/products/design-tools/vivado/integration/esl-design.html}},
month = {},
year = {},
note = {(Visited on 03/30/2018)}
}

@misc{PetaL29,
author = {},
title = {PetaLinux Tools},
howpublished = {\url{http://www.xilinx.com/products/design-tools/embedded-software/petalinux-sdk.html}},
month = {},
year = {},
note = {(Visited on 03/30/2018)}
}

@misc{Put,
author = {},
title = {Download PuTTY - a free SSH and telnet client for Windows},
howpublished = {\url{http://www.putty.org/}},
month = {},
year = {},
note = {(Visited on 03/30/2018)}
}

@manual{TRM2017,
  title={Zynq-7000 All Programmable SoC Technical Reference Manual},
  month={12},
  year={2017}
}

@manual{AXI2017,
  title={Vivado Design Suite AXI Reference Guide},
  month={12},
  year={2017}
}

@misc{Yocto,
author = {},
title = {Yocto Project – It's not an embedded Linux distribution – it creates a custom one for you},
howpublished = {\url{https://www.yoctoproject.org/}},
month = {},
year = {},
note = {(Accessed on 06/04/2018)}
}